
@article{wang2016surrogate,
  title  = {Surrogate-assisted Bayesian inference inverse material identification method and application to advanced high strength steel},
  author  = {Wang, Hu and Zeng, Yang and Yu, Xiancheng and Li, Guangyao and Li, Enying},
  journal = {Inverse Problems in Science and Engineering},
  volume  = {24},
  number  = {7},
  pages   = {1133--1161},
  year    = {2016},
  publisher={Taylor \& Francis},
  doi     = {10.1080/17415977.2015.1113960}
}

@article{alkorta2005absence,
  title     = {Absence of one-to-one correspondence between elastoplastic properties and sharp-indentation load--penetration data},
  author    = {Alkorta, J and Martinez-Esnaola, JM and Sevillano, J Gil},
  journal   = {Journal of materials research},
  volume    = {20},
  number    = {2},
  pages     = {432--437},
  year      = {2005},
  publisher = {Cambridge University Press},
  doi       = {10.1557/JMR.2005.0053}
}

@article{taljat2004development,
  title={Development of pile-up during spherical indentation of elastic--plastic solids},
  author={Taljat, B and Pharr, GM},
  journal={International Journal of Solids and Structures},
  volume={41},
  number={14},
  pages={3891--3904},
  year={2004},
  publisher={Elsevier},
  doi = {10.1016/j.ijsolstr.2004.02.033}
}

@article{meng2015identification,
  title={Identification of material properties using indentation test and shape manifold learning approach},
  author={Meng, Liang and Breitkopf, Piotr and Raghavan, Balaji and Mauvoisin, Gerard and Bartier, Olivier and Hernot, Xavier},
  journal={Computer Methods in Applied Mechanics and Engineering},
  volume={297},
  pages={239--257},
  year={2015},
  publisher={Elsevier},
  doi  = {10.1016/j.cma.2015.09.004}
}

@article{pritchard1999population,
  title={Population growth of human Y chromosomes: a study of Y chromosome microsatellites},
  author={Pritchard, Jonathan K and Seielstad, Mark T and Perez-Lezaun, Anna and Feldman, Marcus W},
  journal={Molecular biology and evolution},
  volume={16},
  number={12},
  pages={1791--1798},
  year={1999},
  publisher={Oxford University Press},
  doi = {10.1093/oxfordjournals.molbev.a026091}
}

@article{ostrowski2005estimation,
  title={Estimation of constant thermal conductivity by use of proper orthogonal decomposition},
  author={Ostrowski, Ziemowit and Bia{\l}ecki, Ryszard A and Kassab, Alain J},
  journal={Computational Mechanics},
  volume={37},
  number={1},
  pages={52--59},
  year={2005},
  publisher={Springer},
  doi = {10.1007/s00466-005-0697-y}
}

@article{blum2013comparative,
  title={A comparative review of dimension reduction methods in approximate Bayesian computation},
  author={Blum, Michael GB and Nunes, Maria Antonieta and Prangle, Dennis and Sisson, Scott A and others},
  journal={Statistical Science},
  volume={28},
  number={2},
  pages={189--208},
  year={2013},
  publisher={Institute of Mathematical Statistics},
  doi={10.1214/12-STS406}
}

@article{leuenberger2010bayesian,
  title={Bayesian computation and model selection without likelihoods},
  author={Leuenberger, Christoph and Wegmann, Daniel},
  journal={Genetics},
  volume={184},
  number={1},
  pages={243--252},
  year={2010},
  publisher={Genetics Soc America},
  doi = {10.1534/genetics.109.109058}
}

@article{blum2010non,
  title={Non-linear regression models for Approximate Bayesian Computation},
  author={Blum, Michael GB and Fran{\c{c}}ois, Olivier},
  journal={Statistics and Computing},
  volume={20},
  number={1},
  pages={63--73},
  year={2010},
  publisher={Springer},
  doi = {10.1007/s11222-009-9116-0}
}

@article{beaumont2002approximate,
  title={Approximate Bayesian computation in population genetics},
  author={Beaumont, Mark A and Zhang, Wenyang and Balding, David J},
  journal={Genetics},
  volume={162},
  number={4},
  pages={2025--2035},
  year={2002},
  publisher={Genetics Soc America}
}

@article{nott2014approximate,
  title={Approximate Bayesian computation and Bayes’ linear analysis: toward high-dimensional ABC},
  author={Nott, David J and Fan, Y and Marshall, L and Sisson, SA},
  journal={Journal of Computational and Graphical Statistics},
  volume={23},
  number={1},
  pages={65--86},
  year={2014},
  publisher={Taylor \& Francis},
  doi={10.1080/10618600.2012.751874}
}

@article{joyce2008approximately,
  title={Approximately sufficient statistics and Bayesian computation},
  author={Joyce, Paul and Marjoram, Paul},
  journal={Statistical applications in genetics and molecular biology},
  volume={7},
  number={1},
  year={2008},
  doi = {10.2202/1544-6115.1389}
}

@article{nunes2010optimal,
  title={On optimal selection of summary statistics for approximate Bayesian computation},
  author={Nunes, Matthew A and Balding, David J},
  journal={Statistical applications in genetics and molecular biology},
  volume={9},
  number={1},
  year={2010},
  doi = {10.2202/1544-6115.1576}
}

@article{wegmann2009efficient,
  title={Efficient approximate Bayesian computation coupled with Markov chain Monte Carlo without likelihood},
  author={Wegmann, Daniel and Leuenberger, Christoph and Excoffier, Laurent},
  journal={Genetics},
  volume={182},
  number={4},
  pages={1207--1218},
  year={2009},
  publisher={Genetics Soc America},
  doi = {10.1534/genetics.109.102509}
}

@article{boulesteix2006partial,
  title={Partial least squares: a versatile tool for the analysis of high-dimensional genomic data},
  author={Boulesteix, Anne-Laure and Strimmer, Korbinian},
  journal={Briefings in bioinformatics},
  volume={8},
  number={1},
  pages={32--44},
  year={2006},
  publisher={Oxford University Press},
  doi = {10.1093/bib/bbl016}
}

@article{fearnhead2012constructing,
  title={Constructing summary statistics for approximate Bayesian computation: semi-automatic approximate Bayesian computation},
  author={Fearnhead, Paul and Prangle, Dennis},
  journal={Journal of the Royal Statistical Society: Series B (Statistical Methodology)},
  volume={74},
  number={3},
  pages={419--474},
  year={2012},
  publisher={Wiley Online Library},
  doi = {10.1111/j.1467-9868.2011.01010.x}
}

@book{bishop2006pattern,
  title={Pattern recognition and machine learning},
  author={Bishop, Christopher M},
  year={2006},
  publisher={springer}
}

@article{oliver1992improved,
  title={An improved technique for determining hardness and elastic modulus using load and displacement sensing indentation experiments},
  author={Oliver, Warren Carl and Pharr, George Mathews},
  journal={Journal of materials research},
  volume={7},
  number={6},
  pages={1564--1583},
  year={1992},
  publisher={Cambridge University Press},
  doi = {10.1557/JMR.1992.1564}
}

@article{marjoram2003markov,
  title={Markov chain Monte Carlo without likelihoods},
  author={Marjoram, Paul and Molitor, John and Plagnol, Vincent and Tavar{\'e}, Simon},
  journal={Proceedings of the National Academy of Sciences},
  volume={100},
  number={26},
  pages={15324--15328},
  year={2003},
  publisher={National Acad Sciences},
  doi = {10.1073/pnas.0306899100}
}

@article{sisson2007sequential,
  title={Sequential monte carlo without likelihoods},
  author={Sisson, Scott A and Fan, Yanan and Tanaka, Mark M},
  journal={Proceedings of the National Academy of Sciences},
  volume={104},
  number={6},
  pages={1760--1765},
  year={2007},
  publisher={National Acad Sciences},
  doi = {10.1073/pnas.0607208104}
}

@article{beaumont2009adaptive,
  title={Adaptive approximate Bayesian computation},
  author={Beaumont, Mark A and Cornuet, Jean-Marie and Marin, Jean-Michel and Robert, Christian P},
  journal={Biometrika},
  volume={96},
  number={4},
  pages={983--990},
  year={2009},
  publisher={Oxford University Press},
  doi = {10.1093/biomet/asp052}
}

@article{beaumont2010approximate,
  title={Approximate Bayesian computation in evolution and ecology},
  author={Beaumont, Mark A},
  journal={Annual review of ecology, evolution, and systematics},
  volume={41},
  pages={379--406},
  year={2010},
  publisher={Annual Reviews},
  doi = {10.1146/annurev-ecolsys-102209-144621}
}

@article{toni2009approximate,
  title={Approximate Bayesian computation scheme for parameter inference and model selection in dynamical systems},
  author={Toni, Tina and Welch, David and Strelkowa, Natalja and Ipsen, Andreas and Stumpf, Michael PH},
  journal={Journal of the Royal Society Interface},
  volume={6},
  number={31},
  pages={187--202},
  year={2009},
  publisher={The Royal Society},
  doi = {10.1098/rsif.2008.0172}
}

@article{zeng2017,
  title={A Reanalysis Based Adaptive Approximate Bayesian
Computation Method for Inverse Heat Conduction Problem},
  author={Yang Zeng, Hu Wang and Yong Cai},
  year={2017},
  publisher={Submitted}
}

@book{iman2008latin,
  title={Latin hypercube sampling},
  author={Iman, Ronald L},
  year={2008},
  publisher={Wiley Online Library}
}

@inproceedings{vedantam2006johnson,
  title={Johnson-Cook Strength Models for Mild and DP 590 Steels},
  author={Vedantam, K and Bajaj, D and Brar, NS and Hill, S},
  booktitle={AIP conference proceedings},
  volume={845},
  number={1},
  pages={775--778},
  year={2006},
  organization={AIP},
  doi = {10.1063/1.2263437}
}

@article{rule1998revised,
  title={A revised form for the Johnson--Cook strength model},
  author={Rule, William K and Jones, SE},
  journal={International Journal of Impact Engineering},
  volume={21},
  number={8},
  pages={609--624},
  year={1998},
  publisher={Elsevier},
  doi = {10.1016/S0734-743X(97)00081-X}
}

@article{liang2002proper,
  title={Proper orthogonal decomposition and its applications—Part I: Theory},
  author={Liang, YC and Lee, HP and Lim, SP and Lin, WZ and Lee, KH and Wu, CG},
  journal={Journal of Sound and vibration},
  volume={252},
  number={3},
  pages={527--544},
  year={2002},
  publisher={Elsevier},
  doi = {10.1006/jsvi.2001.4041}
}

@article{wu2003note,
  title={A note on equivalence of proper orthogonal decomposition methods},
  author={Wu, CG and Liang, YC and Lin, WZ and Lee, HP and Lim, SP},
  journal={Journal of Sound and Vibration},
  volume={265},
  number={5},
  pages={1103--1110},
  year={2003},
  publisher={Academic Press}
}

@article{bucaille2003determination,
  title={Determination of plastic properties of metals by instrumented indentation using different sharp indenters},
  author={Bucaille, Jean-Luc and Stauss, S and Felder, Eric and Michler, Johann},
  journal={Acta materialia},
  volume={51},
  number={6},
  pages={1663--1678},
  year={2003},
  publisher={Elsevier},
  doi = {10.1016/S1359-6454(02)00568-2}
}

@article{berkooz1993proper,
  title={The proper orthogonal decomposition in the analysis of turbulent flows},
  author={Berkooz, Gal and Holmes, Philip and Lumley, John L},
  journal={Annual review of fluid mechanics},
  volume={25},
  number={1},
  pages={539--575},
  year={1993},
  publisher={Annual Reviews 4139 El Camino Way, PO Box 10139, Palo Alto, CA 94303-0139, USA}
}

@article{li2016identification,
  title={Identification of material properties using nanoindentation and surrogate modeling},
  author={Li, Han and Gutierrez, Leonardo and Toda, Hiroyuki and Kuwazuru, Osamu and Liu, Wenli and Hangai, Yoshihiko and Kobayashi, Masakazu and Batres, Rafael},
  journal={International Journal of Solids and Structures},
  volume={81},
  pages={151--159},
  year={2016},
  publisher={Elsevier},
  doi = {10.1016/j.ijsolstr.2015.11.022}
}

@article{lecampion2007model,
  title={Model selection in fracture mapping from elastostatic data},
  author={Lecampion, B and Gunning, J},
  journal={International journal of solids and structures},
  volume={44},
  number={5},
  pages={1391--1408},
  year={2007},
  publisher={Elsevier},
  doi = {10.1016/j.ijsolstr.2006.06.022}
}

@article{fu2016identification,
  title={Identification of nonlinear kinematic hardening constitutive model parameters using the virtual fields method for advanced high strength steels},
  author={Fu, Jiawei and Barlat, Fr{\'e}d{\'e}ric and Kim, Jin-Hwan and Pierron, Fabrice},
  journal={International Journal of Solids and Structures},
  volume={102},
  pages={30--43},
  year={2016},
  publisher={Elsevier},
  doi = {10.1016/j.ijsolstr.2016.10.020}
}

@article{nam2005improved,
  title={Improved parameter identification using additional spectral information},
  author={Nam, Dongho and Choi, Sanghyun and Park, Sooyong and Stubbs, Norris},
  journal={International Journal of Solids and Structures},
  volume={42},
  number={18},
  pages={4971--4987},
  year={2005},
  publisher={Elsevier},
  doi = {10.1016/j.ijsolstr.2005.02.017}
}

@article{anderson2017failure,
  title={Failure parameter identification and validation for a dual-phase 780 steel sheet},
  author={Anderson, D and Butcher, C and Pathak, N and Worswick, MJ},
  journal={International Journal of Solids and Structures},
  volume={124},
  pages={89--107},
  year={2017},
  publisher={Elsevier},
  doi = {10.1016/j.ijsolstr.2017.06.018}
}

@article{lubineau2015domain,
  title={A domain decomposition approach for full-field measurements based identification of local elastic parameters},
  author={Lubineau, Gilles and Moussawi, Ali and Xu, Jiangping and Gras, Renaud},
  journal={International Journal of Solids and Structures},
  volume={55},
  pages={44--57},
  year={2015},
  publisher={Elsevier},
  doi = {10.1016/j.ijsolstr.2014.11.009}
}

@article{gorji2017micro,
  title={Micro-tension and micro-shear experiments to characterize stress-state dependent ductile fracture},
  author={Gorji, Maysam B and Mohr, Dirk},
  journal={Acta Materialia},
  volume={131},
  pages={65--76},
  year={2017},
  publisher={Elsevier}
}

@article{sun2014determination,
  title={Determination of mechanical properties of the weld line by combining micro-indentation with inverse modeling},
  author={Sun, Guangyong and Xu, Fengxiang and Li, Guangyao and Huang, Xiaodong and Li, Qing},
  journal={Computational Materials Science},
  volume={85},
  pages={347--362},
  year={2014},
  publisher={Elsevier}
}

@article{prangle2015summary,
  title={Summary statistics in approximate Bayesian computation},
  author={Prangle, Dennis},
  journal={arXiv preprint arXiv:1512.05633},
  year={2015}
}